<?xml version = "1.0" encoding = "UTF-8"?><OAI-PMH xmlns="http://www.openarchives.org/OAI/2.0/" xmlns:xsi="http://www.w3.org/2001/XMLSchema-instance" xsi:schemaLocation="http://www.openarchives.org/OAI/2.0/ http://www.openarchives.org/OAI/2.0/OAI-PMH.xsd"><ListRecords><record><header><identifier>aleph-publish:005685822</identifier></header><metadata><record xmlns="http://www.ddb.de/professionell/mabxml/mabxml-1.xsd"><leader>00404vM2.01200024------h</leader><controlfield tag="LDR">00404vM2.01200024------h</controlfield><controlfield tag="FMT">MH</controlfield><datafield tag="001" ind1="-" ind2="1"><subfield code="a">HT002272771</subfield></datafield><datafield tag="002" ind1="a" ind2="1"><subfield code="a">19960703</subfield></datafield><datafield tag="003" ind1="-" ind2="1"><subfield code="a">20070803</subfield></datafield><datafield tag="026" ind1="-" ind2="1"><subfield code="a">HBZHT002272771</subfield></datafield><controlfield tag="030">a|1uc||||||17</controlfield><datafield tag="036" ind1="a" ind2="1"><subfield code="a">AT</subfield></datafield><datafield tag="037" ind1="b" ind2="1"><subfield code="a">ger</subfield></datafield><controlfield tag="050">a|||||||||||||</controlfield><controlfield tag="051">t|||||||</controlfield><datafield tag="070" ind1="-" ind2="1"><subfield code="a">464</subfield></datafield><datafield tag="070" ind1="b" ind2="1"><subfield code="a">51</subfield></datafield><datafield tag="080" ind1="-" ind2="1"><subfield code="a">60</subfield></datafield><datafield tag="100" ind1="-" ind2="1"><subfield code="p">Tangl, Michael</subfield><subfield code="d">1861-1921</subfield><subfield code="9">(DE-588)117199974</subfield></datafield><datafield tag="101" ind1="-" ind2="1"><subfield code="p">Tangl, M...</subfield><subfield code="d">1861-1921</subfield></datafield><datafield tag="331" ind1="-" ind2="1"><subfield code="a">&lt;&lt;Das&gt;&gt; Mittelalter in Quellenkunde und Diplomatik</subfield></datafield><datafield tag="335" ind1="-" ind2="1"><subfield code="a">ausgewählte Schriften</subfield></datafield><datafield tag="410" ind1="-" ind2="1"><subfield code="a">Graz</subfield></datafield><datafield tag="412" ind1="-" ind2="1"><subfield code="a">Akadem. Druck- u. Verl.-Anst.</subfield></datafield><datafield tag="425" ind1="b" ind2="1"><subfield code="a">1966</subfield></datafield><datafield tag="451" ind1="-" ind2="1"><subfield code="a">Forschungen zur mittelalterlichen Geschichte ; 12</subfield></datafield><datafield tag="453" ind1="-" ind2="1"><subfield code="a">HT001247095</subfield></datafield><datafield tag="455" ind1="-" ind2="1"><subfield code="a">12</subfield></datafield><datafield tag="456" ind1="-" ind2="1"><subfield code="a">12</subfield></datafield><controlfield tag="SYS">005685822</controlfield><datafield tag="LOW" ind1="-" ind2="1"><subfield code="a">A0001</subfield></datafield><datafield tag="LOW" ind1="-" ind2="1"><subfield code="a">B4026</subfield></datafield><datafield tag="LOW" ind1="-" ind2="1"><subfield code="a">C0001</subfield></datafield><datafield tag="LOW" ind1="-" ind2="1"><subfield code="a">K0001</subfield></datafield><datafield tag="LOW" ind1="-" ind2="1"><subfield code="a">L0001</subfield></datafield><datafield tag="LOW" ind1="-" ind2="1"><subfield code="a">M0001</subfield></datafield><datafield tag="LOW" ind1="-" ind2="1"><subfield code="a">M1071</subfield></datafield><datafield tag="LOW" ind1="-" ind2="1"><subfield code="a">Q0001</subfield></datafield><datafield tag="LOW" ind1="-" ind2="1"><subfield code="a">Q1074</subfield></datafield><datafield tag="LOW" ind1="-" ind2="1"><subfield code="a">Q1107</subfield></datafield><datafield tag="LOW" ind1="-" ind2="1"><subfield code="a">Q1064</subfield></datafield><datafield tag="LOW" ind1="-" ind2="1"><subfield code="a">R0003</subfield></datafield><datafield tag="LOW" ind1="-" ind2="1"><subfield code="a">Q1004</subfield></datafield><datafield tag="088" ind1=" " ind2=" "><subfield code="a">61</subfield><subfield code="b">00</subfield><subfield code="c">AG3800</subfield><subfield code="e">Keine Angabe</subfield></datafield><datafield tag="088" ind1=" " ind2=" "><subfield code="a">385</subfield><subfield code="c">w1268</subfield><subfield code="e">Keine Angabe</subfield></datafield><datafield tag="088" ind1=" " ind2=" "><subfield code="a">708</subfield><subfield code="b">00</subfield><subfield code="c">LCC/TAN</subfield><subfield code="e">Normalausleihe</subfield></datafield><datafield tag="088" ind1=" " ind2=" "><subfield code="a">61/28</subfield><subfield code="b">28</subfield><subfield code="c">hisa660.t164</subfield><subfield code="e">Nicht ausleihbar</subfield></datafield><datafield tag="088" ind1=" " ind2=" "><subfield code="a">466</subfield><subfield code="b">31</subfield><subfield code="c">KXJT1034-...</subfield><subfield code="e">Normalausleihe</subfield></datafield><datafield tag="088" ind1=" " ind2=" "><subfield code="a">82</subfield></datafield><datafield tag="088" ind1=" " ind2=" "><subfield code="a">107</subfield></datafield><datafield tag="088" ind1=" " ind2=" "><subfield code="a">361</subfield></datafield><datafield tag="088" ind1=" " ind2=" "><subfield code="a">465</subfield></datafield><datafield tag="088" ind1=" " ind2=" "><subfield code="a">467</subfield></datafield><datafield tag="088" ind1=" " ind2=" "><subfield code="a">6</subfield></datafield><datafield tag="088" ind1=" " ind2=" "><subfield code="a">5/21</subfield></datafield><datafield tag="088" ind1=" " ind2=" "><subfield code="a">38</subfield></datafield><datafield tag="088" ind1=" " ind2=" "><subfield code="a">294/38</subfield></datafield><datafield tag="088" ind1=" " ind2=" "><subfield code="a">5</subfield></datafield><datafield tag="088" ind1=" " ind2=" "><subfield code="a">51</subfield></datafield><datafield tag="088" ind1=" " ind2=" "><subfield code="a">5/39</subfield></datafield><datafield tag="088" ind1=" " ind2=" "><subfield code="a">6/162</subfield></datafield><datafield tag="088" ind1=" " ind2=" "><subfield code="a">5/20</subfield></datafield><datafield tag="088" ind1=" " ind2=" "><subfield code="a">5/108</subfield></datafield></record></metadata></record></ListRecords></OAI-PMH>